{
  "leader": "04083cam a2200553 a 4500",
  "fields": [
    {
      "001": "ocm35243454\\"
    },
    {
      "003": "OCoLC"
    },
    {
      "005": "20220106115528.0"
    },
    {
      "008": "960724s1996\\\\\\\\mau\\\\\\\\\\\\b\\\\\\\\001\\0beng\\\\"
    },
    {
      "010": {
        "ind1": "\\",
        "ind2": "\\",
        "subfields": [
          {
            "a": "   96032568 "
          }
        ]
      }
    },
    {
      "040": {
        "ind1": "\\",
        "ind2": "\\",
        "subfields": [
          {
            "a": "DLC"
          },
          {
            "b": "eng"
          },
          {
            "c": "DLC"
          },
          {
            "d": "UKM"
          },
          {
            "d": "U6P"
          },
          {
            "d": "BAKER"
          },
          {
            "d": "NLGGC"
          },
          {
            "d": "BTCTA"
          },
          {
            "d": "YDXCP"
          },
          {
            "d": "VP@"
          },
          {
            "d": "NLE"
          },
          {
            "d": "UBC"
          },
          {
            "d": "UAB"
          },
          {
            "d": "BDX"
          },
          {
            "d": "OCLCF"
          },
          {
            "d": "OCLCO"
          },
          {
            "d": "OCLCQ"
          },
          {
            "d": "OCLCO"
          },
          {
            "d": "NJK"
          },
          {
            "d": "DHA"
          },
          {
            "d": "OCLCQ"
          },
          {
            "d": "OCLCO"
          },
          {
            "d": "OCLCQ"
          },
          {
            "d": "SEO"
          },
          {
            "d": "CEF"
          },
          {
            "d": "TKN"
          },
          {
            "d": "CRU"
          },
          {
            "d": "OCLCA"
          },
          {
            "d": "CPS"
          },
          {
            "d": "OCLCQ"
          },
          {
            "d": "OCLCO"
          },
          {
            "d": "CPO"
          },
          {
            "d": "CNO"
          },
          {
            "d": "NJR"
          },
          {
            "d": "BUB"
          },
          {
            "d": "INT"
          },
          {
            "d": "EUM"
          },
          {
            "d": "KOTUI"
          },
          {
            "d": "AU@"
          },
          {
            "d": "BRX"
          },
          {
            "d": "UKMGB"
          },
          {
            "d": "UKUOY"
          },
          {
            "d": "IOG"
          },
          {
            "d": "OCLCQ"
          },
          {
            "d": "COCUF"
          },
          {
            "d": "OCL"
          },
          {
            "d": "OCLCQ"
          },
          {
            "d": "IL4J6"
          },
          {
            "d": "OCLCO"
          }
        ]
      }
    },
    {
      "016": {
        "ind1": "7",
        "ind2": "\\",
        "subfields": [
          {
            "a": "000012400257"
          },
          {
            "2": "AU"
          }
        ]
      }
    },
    {
      "016": {
        "ind1": "7",
        "ind2": "\\",
        "subfields": [
          {
            "a": "008053341"
          },
          {
            "2": "Uk"
          }
        ]
      }
    },
    {
      "019": {
        "ind1": "\\",
        "ind2": "\\",
        "subfields": [
          {
            "a": "36916370"
          },
          {
            "a": "1057957772"
          },
          {
            "a": "1060753722"
          },
          {
            "a": "1061865746"
          },
          {
            "a": "1062033042"
          },
          {
            "a": "1064484583"
          },
          {
            "a": "1064715328"
          },
          {
            "a": "1071739112"
          },
          {
            "a": "1167093256"
          }
        ]
      }
    },
    {
      "020": {
        "ind1": "\\",
        "ind2": "\\",
        "subfields": [
          {
            "a": "0262231891"
          },
          {
            "q": "(alk. paper)"
          }
        ]
      }
    },
    {
      "020": {
        "ind1": "\\",
        "ind2": "\\",
        "subfields": [
          {
            "a": "9780262231893"
          },
          {
            "q": "(alk. paper)"
          }
        ]
      }
    },
    {
      "020": {
        "ind1": "\\",
        "ind2": "\\",
        "subfields": [
          {
            "a": "058502054X"
          }
        ]
      }
    },
    {
      "020": {
        "ind1": "\\",
        "ind2": "\\",
        "subfields": [
          {
            "a": "9780585020549"
          }
        ]
      }
    },
    {
      "035": {
        "ind1": "\\",
        "ind2": "\\",
        "subfields": [
          {
            "a": "(OCoLC)35243454"
          },
          {
            "z": "(OCoLC)36916370"
          },
          {
            "z": "(OCoLC)1057957772"
          },
          {
            "z": "(OCoLC)1060753722"
          },
          {
            "z": "(OCoLC)1061865746"
          },
          {
            "z": "(OCoLC)1062033042"
          },
          {
            "z": "(OCoLC)1064484583"
          },
          {
            "z": "(OCoLC)1064715328"
          },
          {
            "z": "(OCoLC)1071739112"
          },
          {
            "z": "(OCoLC)1167093256"
          }
        ]
      }
    },
    {
      "043": {
        "ind1": "\\",
        "ind2": "\\",
        "subfields": [
          {
            "a": "n-us---"
          },
          {
            "a": "e-au---"
          }
        ]
      }
    },
    {
      "050": {
        "ind1": "0",
        "ind2": "0",
        "subfields": [
          {
            "a": "QA29.G58"
          },
          {
            "b": "W357 1996"
          }
        ]
      }
    },
    {
      "082": {
        "ind1": "0",
        "ind2": "0",
        "subfields": [
          {
            "a": "193"
          },
          {
            "b": "WAN"
          }
        ]
      }
    },
    {
      "100": {
        "ind1": "1",
        "ind2": "\\",
        "subfields": [
          {
            "a": "Wang, Hao,"
          },
          {
            "d": "1921-"
          }
        ]
      }
    },
    {
      "245": {
        "ind1": "1",
        "ind2": "2",
        "subfields": [
          {
            "a": "A logical journey :"
          },
          {
            "b": "from Go\u0308del to philosophy /"
          },
          {
            "c": "Hao Wang."
          }
        ]
      }
    },
    {
      "260": {
        "ind1": "\\",
        "ind2": "\\",
        "subfields": [
          {
            "a": "Cambridge, Mass. :"
          },
          {
            "b": "MIT Press,"
          },
          {
            "c": "\u00a91996."
          }
        ]
      }
    },
    {
      "300": {
        "ind1": "\\",
        "ind2": "\\",
        "subfields": [
          {
            "a": "xiv, 391 pages ;"
          },
          {
            "c": "24 cm."
          }
        ]
      }
    },
    {
      "336": {
        "ind1": "\\",
        "ind2": "\\",
        "subfields": [
          {
            "a": "text"
          },
          {
            "b": "txt"
          },
          {
            "2": "rdacontent"
          }
        ]
      }
    },
    {
      "337": {
        "ind1": "\\",
        "ind2": "\\",
        "subfields": [
          {
            "a": "unmediated"
          },
          {
            "b": "n"
          },
          {
            "2": "rdamedia"
          }
        ]
      }
    },
    {
      "338": {
        "ind1": "\\",
        "ind2": "\\",
        "subfields": [
          {
            "a": "volume"
          },
          {
            "b": "nc"
          },
          {
            "2": "rdacarrier"
          }
        ]
      }
    },
    {
      "490": {
        "ind1": "1",
        "ind2": "\\",
        "subfields": [
          {
            "a": "Representation and mind"
          }
        ]
      }
    },
    {
      "504": {
        "ind1": "\\",
        "ind2": "\\",
        "subfields": [
          {
            "a": "Includes bibliographical references (pages 375-380) and index."
          }
        ]
      }
    },
    {
      "505": {
        "ind1": "0",
        "ind2": "0",
        "subfields": [
          {
            "t": "Preface --"
          },
          {
            "t": "Introduction --"
          },
          {
            "t": "Godel's Life --"
          },
          {
            "t": "Godel's Mental Development --"
          },
          {
            "t": "Religion and Philosophy as Guides to Action --"
          },
          {
            "t": "The Conversations and Their Background --"
          },
          {
            "t": "Philosophies and Philosophers --"
          },
          {
            "t": "Minds and Machines: On Computabilism --"
          },
          {
            "t": "Platonism or Objectivism in Mathematics --"
          },
          {
            "t": "Set Theory and Logic as Concept Theory --"
          },
          {
            "t": "Godel's Approach to Philosophy --"
          },
          {
            "t": "Epilogue: Alternative Philosophies as Complementary --"
          },
          {
            "t": "Preferences --"
          },
          {
            "t": "Index."
          }
        ]
      }
    },
    {
      "520": {
        "ind1": "\\",
        "ind2": "\\",
        "subfields": [
          {
            "a": "Hao Wang (1921-1995) was one of the few confidants of the great mathematician and logician Kurt Godel. A Logical Journey is a continuation of Wang's Reflections on Kurt Godel and also elaborates on discussions contained in From Mathematics to Philosophy. A decade in preparation, it contains important and unfamiliar insights into Godel's views on a wide range of issues, from Platonism and the nature of logic, to minds and machines, the existence of God, and positivism and phenomenology. The impact of Godel's theorem on twentieth-century thought is on a par with that of Einstein's theory of relativity, Heisenberg's uncertainty principle, or Keynesian economics. These previously unpublished intimate and informal conversations, however, bring to light and amplify Godel's other major contributions to logic and philosophy. They reveal that there is much more in Godel's philosophy of mathematics than is commonly realized, and more in his philosophy than merely a philosophy of mathematics."
          }
        ]
      }
    },
    {
      "600": {
        "ind1": "1",
        "ind2": "0",
        "subfields": [
          {
            "a": "Go\u0308del, Kurt."
          }
        ]
      }
    },
    {
      "650": {
        "ind1": "\\",
        "ind2": "0",
        "subfields": [
          {
            "a": "Logicians"
          },
          {
            "z": "United States"
          },
          {
            "v": "Biography."
          }
        ]
      }
    },
    {
      "650": {
        "ind1": "\\",
        "ind2": "0",
        "subfields": [
          {
            "a": "Logicians"
          },
          {
            "z": "Austria"
          },
          {
            "v": "Biography."
          }
        ]
      }
    },
    {
      "600": {
        "ind1": "1",
        "ind2": "7",
        "subfields": [
          {
            "a": "Go\u0308del, Kurt."
          },
          {
            "2": "fast"
          },
          {
            "0": "(OCoLC)fst00030398"
          }
        ]
      }
    },
    {
      "650": {
        "ind1": "\\",
        "ind2": "7",
        "subfields": [
          {
            "a": "Logicians."
          },
          {
            "2": "fast"
          },
          {
            "0": "(OCoLC)fst01002081"
          }
        ]
      }
    },
    {
      "651": {
        "ind1": "\\",
        "ind2": "7",
        "subfields": [
          {
            "a": "Austria."
          },
          {
            "2": "fast"
          },
          {
            "0": "(OCoLC)fst01204901"
          }
        ]
      }
    },
    {
      "651": {
        "ind1": "\\",
        "ind2": "7",
        "subfields": [
          {
            "a": "United States."
          },
          {
            "2": "fast"
          },
          {
            "0": "(OCoLC)fst01204155"
          }
        ]
      }
    },
    {
      "655": {
        "ind1": "\\",
        "ind2": "7",
        "subfields": [
          {
            "a": "Biographies."
          },
          {
            "2": "fast"
          },
          {
            "0": "(OCoLC)fst01919896"
          }
        ]
      }
    },
    {
      "776": {
        "ind1": "0",
        "ind2": "8",
        "subfields": [
          {
            "i": "Print version:"
          },
          {
            "a": "Wang, Hao, 1921-"
          },
          {
            "t": "Logical journey."
          },
          {
            "d": "Cambridge, Mass. : MIT Press, \u00a91996"
          },
          {
            "z": "0262231891"
          }
        ]
      }
    },
    {
      "830": {
        "ind1": "\\",
        "ind2": "0",
        "subfields": [
          {
            "a": "Representation and mind."
          }
        ]
      }
    },
    {
      "856": {
        "ind1": "4",
        "ind2": "1",
        "subfields": [
          {
            "u": "http://cognet.mit.edu/library/books/view?isbn=0262231891"
          },
          {
            "z": "Restricted to MIT Press CogSci subscribers"
          }
        ]
      }
    },
    {
      "856": {
        "ind1": "4",
        "ind2": "1",
        "subfields": [
          {
            "u": "http://cognet.mit.edu/library/books/book.tcl?isbn=0262231891"
          },
          {
            "z": "Restricted to MIT Press CogSci subscribers"
          }
        ]
      }
    },
    {
      "856": {
        "ind1": "4",
        "ind2": "1",
        "subfields": [
          {
            "3": "University of Alberta Access"
          },
          {
            "u": "http://search.ebscohost.com/login.aspx?direct=true&scope=site&db=nlebk&db=nlabk&AN=1692"
          },
          {
            "z": "from EBSCO"
          }
        ]
      }
    },
    {
      "994": {
        "ind1": "\\",
        "ind2": "\\",
        "subfields": [
          {
            "a": "Z0"
          },
          {
            "b": "NYRVC"
          }
        ]
      }
    },
    {
      "948": {
        "ind1": "\\",
        "ind2": "\\",
        "subfields": [
          {
            "h": "NO HOLDINGS IN NYRVC - 385 OTHER HOLDINGS"
          }
        ]
      }
    },
    {
      "999": {
        "ind1": "\\",
        "ind2": "\\",
        "subfields": [
          {
            "a": "00000000020090"
          }
        ]
      }
    }
  ]
}